<?xml version="1.0" encoding="UTF-8"?><collection xmlns="http://www.loc.gov/MARC21/slim"><record><leader>00581nam--2200193-i-4500</leader><controlfield tag="001">000038918</controlfield><controlfield tag="002">20161230</controlfield><controlfield tag="005">20161230201042</controlfield><controlfield tag="008">060222s1000------------r-----000-0-eng-d</controlfield><datafield ind1=" " ind2=" " tag="040"><subfield code="a">IFIN-HH</subfield></datafield><datafield ind1=" " ind2=" " tag="080"><subfield code="a">539.18</subfield></datafield><datafield ind1="1" ind2=" " tag="100"><subfield code="a">Wehr, M.Russell</subfield></datafield><datafield ind1="1" ind2="0" tag="245"><subfield code="a">Physics of the atom</subfield><subfield code="c">M.russell wehr, james a. richards, jr</subfield></datafield><datafield ind1=" " ind2=" " tag="260"><subfield code="a">Reading/Massachusetts</subfield><subfield code="b">Addison-wesley Publishing Company</subfield><subfield code="c">1960</subfield></datafield><datafield ind1=" " ind2=" " tag="300"><subfield code="a">XI+420 P</subfield></datafield><datafield ind1=" " ind2=" " tag="490"><subfield code="a">Addison-wesley Books In Physics And Nuclear Energy</subfield></datafield><datafield ind1="1" ind2=" " tag="700"><subfield code="a">Richards, James A., Jr</subfield></datafield><datafield ind1=" " ind2=" " tag="852"><subfield code="a">11542</subfield><subfield code="c">539.18</subfield></datafield><datafield ind1=" " ind2=" " tag="CAT"><subfield code="a">Sys</subfield><subfield code="c">20120629</subfield><subfield code="h">135543</subfield></datafield></record></collection>